<?xml version="1.0" encoding="UTF-8"?><collection xmlns="http://www.loc.gov/MARC21/slim"><record><leader>00493nam--2200169-i-4500</leader><controlfield tag="001">000048013</controlfield><controlfield tag="002">20161230</controlfield><controlfield tag="005">20161230201046</controlfield><controlfield tag="008">060222s1000------------r-----000-0-eng-d</controlfield><datafield ind1=" " ind2=" " tag="040"><subfield code="a">IFIN-HH</subfield></datafield><datafield ind1=" " ind2=" " tag="080"><subfield code="a">539.1.074.55</subfield></datafield><datafield ind1="1" ind2=" " tag="100"><subfield code="a">Key, James Roy</subfield></datafield><datafield ind1="1" ind2="0" tag="245"><subfield code="a">The pulse height anomaly in silicon radiation detectors</subfield><subfield code="b">Thesis</subfield><subfield code="c">James roy key</subfield></datafield><datafield ind1=" " ind2=" " tag="260"><subfield code="a">Ann Arbor, Michigan</subfield><subfield code="b">University Microfilms</subfield><subfield code="c">1970</subfield></datafield><datafield ind1=" " ind2=" " tag="300"><subfield code="a">155P</subfield></datafield><datafield ind1=" " ind2=" " tag="852"><subfield code="a">36364</subfield><subfield code="c">539.1.07:539.1.08</subfield></datafield><datafield ind1=" " ind2=" " tag="CAT"><subfield code="a">Sys</subfield><subfield code="c">20111025</subfield><subfield code="h">104612</subfield></datafield></record></collection>